<?xml version="1.0" encoding="UTF-8"?><collection><record><leader>05432ntm a2200553 a 4500</leader><controlfield tag="001">006806249</controlfield><controlfield tag="003">MiAaHDL</controlfield><controlfield tag="005">20190719000000.0</controlfield><controlfield tag="006">m        d        </controlfield><controlfield tag="007">cr bn ---auaua</controlfield><controlfield tag="008">090602s1821    xx            00| ||ara d</controlfield><datafield tag="035" ind1=" " ind2=" "><subfield code="a">(MiU)006806249</subfield></datafield><datafield tag="035" ind1=" " ind2=" "><subfield code="a">sdr-miu006806249</subfield></datafield><datafield tag="040" ind1=" " ind2=" "><subfield code="a">MiU</subfield><subfield code="c">MiU</subfield><subfield code="e">amremm</subfield></datafield><datafield tag="043" ind1=" " ind2=" "><subfield code="a">n-us-mi</subfield></datafield><datafield tag="100" ind1="0" ind2=" "><subfield code="6">880-01</subfield><subfield code="a">Abū al-Fatḥ ʻAlī ibn Ṣadaqah ibn Manṣūr al-Sarmīnī,</subfield><subfield code="d">fl. 1340.</subfield></datafield><datafield tag="245" ind1="1" ind2="3"><subfield code="6">880-03</subfield><subfield code="a">al-Alif al-ma’lūf fī kashf al-ḥurūf,</subfield><subfield code="f">[1237, i.e. 1821].</subfield></datafield><datafield tag="246" ind1="3" ind2=" "><subfield code="i">Title from opening matter (preface) on p.3:</subfield><subfield code="a">الف المألوف في فرش الحروف</subfield></datafield><datafield tag="246" ind1="3" ind2=" "><subfield code="i">Title from inscription on upper board lining:</subfield><subfield code="a">الف المألوف</subfield></datafield><datafield tag="246" ind1="3" ind2="4"><subfield code="a">الف المألوف</subfield></datafield><datafield tag="260" ind1=" " ind2=" "><subfield code="c">[1821].</subfield></datafield><datafield tag="300" ind1=" " ind2=" "><subfield code="a">60 leaves :</subfield><subfield code="b">paper ;</subfield><subfield code="c">224 x 160 (165-173 x 105-111) mm. bound to 228 x 160 mm.</subfield></datafield><datafield tag="500" ind1=" " ind2=" "><subfield code="a">Shelfmark: Ann Arbor, University of Michigan, Special Collections Library, Isl. Ms. 477</subfield></datafield><datafield tag="500" ind1=" " ind2=" "><subfield code="a">Origin: As appears in colophon on p.120, transcription completed 25 Rabīʻ I 1237 [ca. 20 December 1821].</subfield></datafield><datafield tag="500" ind1=" " ind2=" "><subfield code="a">Accompanying materials: a. Acquisitions slip from Yahuda -- b. Inventory cataloguing slip in hand of Winifred Smeaton Thomas.</subfield></datafield><datafield tag="500" ind1=" " ind2=" "><subfield code="a">Former shelfmark: From inner front cover and spine label, "IL 20" (likely supplied by Yahuda, see acquisitions slip).</subfield></datafield><datafield tag="500" ind1=" " ind2=" "><subfield code="a">Binding: Pasteboards covered in block-printed textile (yellow on white) with red leather over spine ; Type III binding (without flap) ; board linings in untinted wove paper ; resewn in white thread over cords, six stations plus primaries ; worked chevron endbands in green-blue and orange-red, good condition ; overall in somewhat poor condition with staining, some abrasion and lifting of leather, etc.</subfield></datafield><datafield tag="500" ind1=" " ind2=" "><subfield code="a">Support: European laid paper with 7 laid lines per cm. (vertical), chain lines spaced 32 mm. apart (horizontal), and three crescents watermark (100 mm. long, perpendicular to chains, see p. 102, 103, etc.) ; crisp and sturdy ; well-burnished with burnisher's marks visible ; much staining.</subfield></datafield><datafield tag="500" ind1=" " ind2=" "><subfield code="a">Decoration: Keywords, section headings and some abbreviation symbols rubricated ; textual dividers in the form of red hāʼ.</subfield></datafield><datafield tag="500" ind1=" " ind2=" "><subfield code="a">Script: Naskh ; at least three Turkish hands ; all at least partially seriffed with right-sloping head-serifs, effect of tilt to the left, and curvilinear descenders ; opening hand (to p.44) freely ligatured ; medial hand (pp.45-74) showing some contrast in thickness between horizontal and vertical strokes ; final hand (from p.74) compact, quite rounded and exhibiting slight effect of words descending to baseline.</subfield></datafield><datafield tag="500" ind1=" " ind2=" "><subfield code="a">Layout: Written in 16-19 lines per page.</subfield></datafield><datafield tag="500" ind1=" " ind2=" "><subfield code="a">Collation: 2 V(20), 2 IV(36), 2 V(56), I+2 (60), i ; chiefly quinions ; catchwords present ; pagination in pencil, Western numerals, supplied during digitization.</subfield></datafield><datafield tag="500" ind1=" " ind2=" "><subfield code="a">Colophon: "Scribal," triangular, reads "والفراغ عن هذه النسخة المباركة يوم الثلاثة خمسة والعشرين من شهر الربيع الاول سنت الف ومائتين سبعة وثلاثين عفا الله عمن كتبها او قرأها امين م م م م م م م م م م"</subfield></datafield><datafield tag="500" ind1=" " ind2=" "><subfield code="a">Explicit: "وهذا هو الشائع يومئذ في البلاد وهو مستحب عند ذوي الارشاد والسداد والله اعلم هذا اخر الالف المألوف في كشف الحروف لجن على يد مؤلفه ومن اعتني بجمعه الراجي رحمة ربه الغفور ابو الفتح بن صدقة منصر [بن منصور ؟] السرميني ... والحمد لله رب العالمين"</subfield></datafield><datafield tag="500" ind1=" " ind2=" "><subfield code="a">Incipit: "الحمد لله الذي اعز بكتابه العزيز من كان ذليلا ... فقد استخرت الله الكريم الفتاح العليم في جمع اوراق اذكر فيها القراء السبعة الذين الختار الامام ابو بكر بن مجاهد ونحوه من المشايخ قرآاتهم وهو اول من صنف في القراءة السبع ... وسميت ذلك الالف المألوف في فرش الحروف ..."</subfield></datafield><datafield tag="500" ind1=" " ind2=" "><subfield code="a">Title from close on p.119.</subfield></datafield><datafield tag="500" ind1=" " ind2=" "><subfield code="a">Ms. codex.</subfield></datafield><datafield tag="510" ind1="4" ind2=" "><subfield code="a">Ziriklī, Khayr al-Dīn. al-Aʻlām,</subfield><subfield code="c">v.4 p.294 (1980 ed.)</subfield></datafield><datafield tag="510" ind1="4" ind2=" "><subfield code="a">Brockelmann, C. GAL,</subfield><subfield code="c">S II 27</subfield></datafield><datafield tag="520" ind1="8" ind2=" "><subfield code="a">Fine copy of a treatise attributed to Abū al-Fatḥ [ʻAlī] ibn Ṣadaqah ibn Manṣūr al-Sarmīnī (fl. 1340) on Qurʼānic readings, specifically the seven readings collected by Ibn Mujāhid.</subfield></datafield><datafield tag="538" ind1=" " ind2=" "><subfield code="a">Mode of access: Internet.</subfield></datafield><datafield tag="541" ind1=" " ind2=" "><subfield code="a">Acquired in 1926 from the bookseller Isaac Benjamin S.E. Yahuda via purchase transacted on his behalf by Abraham Shalom Yahuda (1877-1951), his younger brother.</subfield></datafield><datafield tag="546" ind1=" " ind2=" "><subfield code="a">Arabic.</subfield></datafield><datafield tag="561" ind1=" " ind2=" "><subfield code="a">Assorted excerpts and pen trials on 'title page' (p.1) ; occasional marginal glosses and corrections ; apparently unrelated diagram at close on p.120.</subfield></datafield><datafield tag="630" ind1="0" ind2="0"><subfield code="a">Qurʼan</subfield><subfield code="x">Readings</subfield><subfield code="v">Early works to 1800.</subfield></datafield><datafield tag="650" ind1=" " ind2="0"><subfield code="a">Manuscripts, Arabic</subfield><subfield code="z">Michigan</subfield><subfield code="z">Ann Arbor.</subfield></datafield><datafield tag="773" ind1="0" ind2=" "><subfield code="a">Yahuda Collection.</subfield></datafield><datafield tag="880" ind1="1" ind2="2"><subfield code="6">245-03/</subfield><subfield code="a">الالف المألوف في كشف الحروف,</subfield><subfield code="f">[1237ه، 1821م].</subfield></datafield><datafield tag="880" ind1="0" ind2=" "><subfield code="6">100-01/</subfield><subfield code="a">ابو الفتح بن صدقة بن منصور السرميني.</subfield></datafield><datafield tag="CID" ind1=" " ind2=" "><subfield code="a">006806249</subfield></datafield><datafield tag="DAT" ind1="0" ind2=" "><subfield code="a">20190719102637.0</subfield><subfield code="b">20190719000000.0</subfield></datafield><datafield tag="DAT" ind1="1" ind2=" "><subfield code="a">20190719090653.0</subfield><subfield code="b">2019-07-19T16:11:34Z</subfield></datafield><datafield tag="DAT" ind1="2" ind2=" "><subfield code="a">2015-10-10T18:00:06Z</subfield></datafield><datafield tag="CAT" ind1=" " ind2=" "><subfield code="a">SDR-MIU</subfield><subfield code="d">EX LIBRIS - ALEPH</subfield><subfield code="l">prepare.pl-004-008</subfield></datafield><datafield tag="FMT" ind1=" " ind2=" "><subfield code="a">BK</subfield></datafield><datafield tag="HOL" ind1=" " ind2=" "><subfield code="0">sdr-miu006806249</subfield><subfield code="a">MiU</subfield><subfield code="b">SDR</subfield><subfield code="c">MIU</subfield><subfield code="p">mdp.39015079127836</subfield><subfield code="s">MIU</subfield><subfield code="1">006806249</subfield></datafield><datafield tag="974" ind1=" " ind2=" "><subfield code="b">MIU</subfield><subfield code="c">MIU</subfield><subfield code="d">20190719</subfield><subfield code="s">lit-dlps-dc</subfield><subfield code="u">mdp.39015079127836</subfield><subfield code="y">1821</subfield><subfield code="r">pd</subfield><subfield code="q">bib</subfield><subfield code="t">non-US bib date1 &lt; 1879</subfield></datafield></record></collection>